
@article{lamb_waves_1917,
	title = {On Waves in an Elastic Plate},
	volume = {93},
	issn = {09501207},
	url = {http://www.jstor.org/stable/93792},
	pages = {114--128},
	number = {648},
	journaltitle = {Proceedings of the Royal Society of London. Series A, Containing Papers of a Mathematical and Physical Character},
	shortjournal = {Proceedings of the Royal Society of London. Series A, Containing Papers of a Mathematical and Physical Character},
	author = {Lamb, Horace},
	date = {1917},
	file = {Lamb - 1917 - On Waves in an Elastic Plate.pdf:/home/matael/zotero_library/storage/8SHAATJ6/Lamb - 1917 - On Waves in an Elastic Plate.pdf:application/pdf}
}