
@article{royer_improved_2007,
	title = {An improved approximation for the Rayleigh wave equation},
	volume = {46},
	issn = {0041624X},
	url = {http://linkinghub.elsevier.com/retrieve/pii/S0041624X06003763},
	doi = {10.1016/j.ultras.2006.09.006},
	pages = {23--24},
	number = {1},
	journaltitle = {Ultrasonics},
	author = {Royer, Daniel and Clorennec, Dominique},
	urldate = {2016-01-30},
	date = {2007-03},
	langid = {english},
	file = {Royer and Clorennec - 2007 - An improved approximation for the Rayleigh wave eq.pdf:/home/matael/zotero_library/storage/ECM5N97Z/Royer and Clorennec - 2007 - An improved approximation for the Rayleigh wave eq.pdf:application/pdf}
}

@book{viktorov_rayleigh_1970,
	title = {Rayleigh and Lamb waves: physical theory and applications},
	publisher = {Plenum press},
	author = {Viktorov, Igor Aleksandrovich},
	date = {1970}
}